<record><leader>00000cas a22000007a 4500</leader><controlfield tag="001">22044833</controlfield><controlfield tag="008">900717d19671970nyuwr ne      0    0eng d</controlfield><controlfield tag="009">550</controlfield><datafield ind1=" " ind2=" " tag="010"><subfield code="a">sn 90066443 </subfield></datafield><datafield ind1=" " ind2=" " tag="040"><subfield code="a">NYS</subfield><subfield code="b">eng</subfield><subfield code="c">NYS</subfield><subfield code="d">OCLCQ</subfield></datafield><datafield ind1="1" ind2=" " tag="029"><subfield code="a">AU@</subfield><subfield code="b">000025867402</subfield></datafield><datafield ind1=" " ind2=" " tag="042"><subfield code="a">msc</subfield></datafield><datafield ind1="0" ind2="0" tag="245"><subfield code="a">Tioga County times-herald.</subfield></datafield><datafield ind1="3" ind2="0" tag="246"><subfield code="a">Tioga County times herald</subfield></datafield><datafield ind1="3" ind2="0" tag="246"><subfield code="a">Times-herald</subfield></datafield><datafield ind1=" " ind2=" " tag="260"><subfield code="a">Owego, N.Y. :</subfield><subfield code="b">Owego Times</subfield></datafield><datafield ind1=" " ind2=" " tag="300"><subfield code="a">v. :</subfield><subfield code="b">ill. ;</subfield><subfield code="c">57 cm.</subfield></datafield><datafield ind1=" " ind2=" " tag="310"><subfield code="a">Weekly</subfield></datafield><datafield ind1="0" ind2=" " tag="362"><subfield code="a">Vol. 133, no. 22 (Sept. 1, 1967)-v. 135, no. 26 (Oct. 30, 1970).</subfield></datafield><datafield ind1=" " ind2=" " tag="500"><subfield code="a">Published as: Times-herald, Oct. 24, 1969-Apr. 24, 1970.</subfield></datafield><datafield ind1=" " ind2="4" tag="651"><subfield code="a">Owego (N.Y.)</subfield><subfield code="v">Newspapers.</subfield></datafield><datafield ind1=" " ind2=" " tag="752"><subfield code="a">United States</subfield><subfield code="b">New York</subfield><subfield code="c">Tioga</subfield><subfield code="d">Owego.</subfield></datafield><datafield ind1="0" ind2="0" tag="780"><subfield code="t">Owego times (Owego, N.Y. : 1867)</subfield><subfield code="w">(DLC)sn 90066442</subfield><subfield code="w">(OCoLC)22045149</subfield></datafield><datafield ind1="0" ind2="7" tag="785"><subfield code="t">Waverly sun, Nichols recorder, and the valley news</subfield><subfield code="w">(DLC)sn 90066447</subfield><subfield code="w">(OCoLC)21986340</subfield></datafield><datafield ind1="0" ind2="7" tag="785"><subfield code="t">Tioga County sun-times and herald</subfield><subfield code="w">(DLC)sn 90066448</subfield><subfield code="w">(OCoLC)22044961</subfield></datafield></record>